<?xml version="1.0" encoding="UTF-8"?><collection xmlns="http://www.loc.gov/MARC21/slim"><record><leader>00450nam--2200133-i-4500</leader><controlfield tag="001">000027531</controlfield><controlfield tag="002">20161230</controlfield><controlfield tag="005">20161230201036</controlfield><controlfield tag="008">060222s1000------------r-----000-0-eng-d</controlfield><datafield ind1=" " ind2=" " tag="080"><subfield code="a">697.9:621.61</subfield></datafield><datafield ind1=" " ind2=" " tag="100"><subfield code="a">Landa, A Si Uceastchin, P</subfield></datafield><datafield ind1=" " ind2=" " tag="245"><subfield code="a">Instalatia mobila de ventilatie cu dusuri de aer pentru lucrari in interiorul utilajului industrial incalzit. traducere din limba rusa</subfield></datafield><datafield ind1=" " ind2=" " tag="260"><subfield code="a">Bucuresti, Institutul De Documentare, 25p</subfield></datafield><datafield ind1=" " ind2=" " tag="852"><subfield code="a">2832</subfield></datafield></record></collection>